@misc{brown2020language,
      title={Language Models are Few-Shot Learners}, 
      author={Tom B. Brown and Benjamin Mann and Nick Ryder and Melanie Subbiah and Jared Kaplan and Prafulla Dhariwal and Arvind Neelakantan and Pranav Shyam and Girish Sastry and Amanda Askell and Sandhini Agarwal and Ariel Herbert-Voss and Gretchen Krueger and Tom Henighan and Rewon Child and Aditya Ramesh and Daniel M. Ziegler and Jeffrey Wu and Clemens Winter and Christopher Hesse and Mark Chen and Eric Sigler and Mateusz Litwin and Scott Gray and Benjamin Chess and Jack Clark and Christopher Berner and Sam McCandlish and Alec Radford and Ilya Sutskever and Dario Amodei},
      year={2020},
      eprint={2005.14165},
      archivePrefix={arXiv},
      primaryClass={cs.CL}
}

@misc{dosovitskiy2021image,
      title={An Image is Worth 16x16 Words: Transformers for Image Recognition at Scale}, 
      author={Alexey Dosovitskiy and Lucas Beyer and Alexander Kolesnikov and Dirk Weissenborn and Xiaohua Zhai and Thomas Unterthiner and Mostafa Dehghani and Matthias Minderer and Georg Heigold and Sylvain Gelly and Jakob Uszkoreit and Neil Houlsby},
      year={2021},
      eprint={2010.11929},
      archivePrefix={arXiv},
      primaryClass={cs.CV}
}

@misc{ronneberger2015unet,
      title={U-Net: Convolutional Networks for Biomedical Image Segmentation}, 
      author={Olaf Ronneberger and Philipp Fischer and Thomas Brox},
      year={2015},
      eprint={1505.04597},
      archivePrefix={arXiv},
      primaryClass={cs.CV}
}

@misc{he2015deep,
      title={Deep Residual Learning for Image Recognition}, 
      author={Kaiming He and Xiangyu Zhang and Shaoqing Ren and Jian Sun},
      year={2015},
      eprint={1512.03385},
      archivePrefix={arXiv},
      primaryClass={cs.CV}
}

@misc{vaswani2023attention,
      title={Attention Is All You Need}, 
      author={Ashish Vaswani and Noam Shazeer and Niki Parmar and Jakob Uszkoreit and Llion Jones and Aidan N. Gomez and Lukasz Kaiser and Illia Polosukhin},
      year={2023},
      eprint={1706.03762},
      archivePrefix={arXiv},
      primaryClass={cs.CL}
}

@misc{gu2022efficiently,
      title={Efficiently Modeling Long Sequences with Structured State Spaces}, 
      author={Albert Gu and Karan Goel and Christopher Ré},
      year={2022},
      eprint={2111.00396},
      archivePrefix={arXiv},
      primaryClass={cs.LG}
}

@misc{simonyan2014deep,
      title={Very Deep Convolutional Networks for Large-Scale Image Recognition}, 
      author={Karen Simonyan and Andrew Zisserman},
      year={2015},
      eprint={1409.1556},
      archivePrefix={arXiv},
      primaryClass={cs.CV}
}

@misc{szegedy2015going,
      title={Going Deeper with Convolutions}, 
      author={Christian Szegedy and Wei Liu and Yangqing Jia and Pierre Sermanet and Scott Reed and Dragomir Anguelov and Dumitru Erhan and Vincent Vanhoucke and Andrew Rabinovich},
      year={2014},
      eprint={1409.4842},
      archivePrefix={arXiv},
      primaryClass={cs.CV}
}

@misc{howard2017mobilenets,
      title={MobileNets: Efficient Convolutional Neural Networks for Mobile Vision Applications}, 
      author={Andrew G. Howard and Menglong Zhu and Bo Chen and Dmitry Kalenichenko and Weijun Wang and Tobias Weyand and Marco Andreetto and Hartwig Adam},
      year={2017},
      eprint={1704.04861},
      archivePrefix={arXiv},
      primaryClass={cs.CV}
}

@misc{tan2020efficientnet,
      title={EfficientNet: Rethinking Model Scaling for Convolutional Neural Networks}, 
      author={Mingxing Tan and Quoc V. Le},
      year={2020},
      eprint={1905.11946},
      archivePrefix={arXiv},
      primaryClass={cs.LG}
}

@misc{radosavovic2020designing,
      title={Designing Network Design Spaces}, 
      author={Ilija Radosavovic and Raj Prateek Kosaraju and Ross Girshick and Kaiming He and Piotr Dollár},
      year={2020},
      eprint={2003.13678},
      archivePrefix={arXiv},
      primaryClass={cs.CV}
}

@misc{choromanski2022rethinking,
      title={Rethinking Attention with Performers}, 
      author={Krzysztof Choromanski and Valerii Likhosherstov and David Dohan and Xingyou Song and Andreea Gane and Tamas Sarlos and Peter Hawkins and Jared Davis and Afroz Mohiuddin and Lukasz Kaiser and David Belanger and Lucy Colwell and Adrian Weller},
      year={2022},
      eprint={2009.14794},
      archivePrefix={arXiv},
      primaryClass={cs.LG}
}

@misc{cheng2017survey,
      title={A Survey of Model Compression and Acceleration for Deep Neural Networks}, 
      author={Yu Cheng and Duo Wang and Pan Zhou and Tao Zhang},
      year={2020},
      eprint={1710.09282},
      archivePrefix={arXiv},
      primaryClass={cs.LG}
}

@misc{hinton2015distilling,
      title={Distilling the Knowledge in a Neural Network}, 
      author={Geoffrey Hinton and Oriol Vinyals and Jeff Dean},
      year={2015},
      eprint={1503.02531},
      archivePrefix={arXiv},
      primaryClass={stat.ML}
}

@misc{gu2020hippo,
      title={HiPPO: Recurrent Memory with Optimal Polynomial Projections}, 
      author={Albert Gu and Tri Dao and Stefano Ermon and Atri Rudra and Christopher Re},
      year={2020},
      eprint={2008.07669},
      archivePrefix={arXiv},
      primaryClass={cs.LG}
}

@misc{gu2023mamba,
      title={Mamba: Linear-Time Sequence Modeling with Selective State Spaces}, 
      author={Albert Gu and Tri Dao},
      year={2023},
      eprint={2312.00752},
      archivePrefix={arXiv},
      primaryClass={cs.LG}
}

@misc{ma2024umamba,
      title={U-Mamba: Enhancing Long-range Dependency for Biomedical Image Segmentation}, 
      author={Jun Ma and Feifei Li and Bo Wang},
      year={2024},
      eprint={2401.04722},
      archivePrefix={arXiv},
      primaryClass={eess.IV}
}

@misc{rombach2022highresolution,
      title={High-Resolution Image Synthesis with Latent Diffusion Models}, 
      author={Robin Rombach and Andreas Blattmann and Dominik Lorenz and Patrick Esser and Björn Ommer},
      year={2022},
      eprint={2112.10752},
      archivePrefix={arXiv},
      primaryClass={cs.CV}
}

@misc{ho2020denoising,
      title={Denoising Diffusion Probabilistic Models}, 
      author={Jonathan Ho and Ajay Jain and Pieter Abbeel},
      year={2020},
      eprint={2006.11239},
      archivePrefix={arXiv},
      primaryClass={cs.LG}
}

@misc{wu2024ultralight,
      title={UltraLight VM-UNet: Parallel Vision Mamba Significantly Reduces Parameters for Skin Lesion Segmentation}, 
      author={Renkai Wu and Yinghao Liu and Pengchen Liang and Qing Chang},
      year={2024},
      eprint={2403.20035},
      archivePrefix={arXiv},
      primaryClass={eess.IV}
}

@misc{zhao2017pyramid,
      title={Pyramid Scene Parsing Network}, 
      author={Hengshuang Zhao and Jianping Shi and Xiaojuan Qi and Xiaogang Wang and Jiaya Jia},
      year={2017},
      eprint={1612.01105},
      archivePrefix={arXiv},
      primaryClass={cs.CV}
}

@misc{dataset, 
    title={Brain MRI segmentation}, 
    url={https://www.kaggle.com/datasets/mateuszbuda/lgg-mri-segmentation}, 
    journal={Kaggle}, 
    author={Buda, Mateusz}, 
    year={2019}, 
    month={May}
} 

@misc{xie2021segformer,
      title={SegFormer: Simple and Efficient Design for Semantic Segmentation with Transformers}, 
      author={Enze Xie and Wenhai Wang and Zhiding Yu and Anima Anandkumar and Jose M. Alvarez and Ping Luo},
      year={2021},
      eprint={2105.15203},
      archivePrefix={arXiv},
      primaryClass={cs.CV}
}

@misc{xie2017aggregated,
      title={Aggregated Residual Transformations for Deep Neural Networks}, 
      author={Saining Xie and Ross Girshick and Piotr Dollár and Zhuowen Tu and Kaiming He},
      year={2017},
      eprint={1611.05431},
      archivePrefix={arXiv},
      primaryClass={cs.CV}
}

@inproceedings{krizhevsky2012imagenet,
      author = {Krizhevsky, Alex and Sutskever, Ilya and Hinton, Geoffrey E},
      booktitle = {Advances in Neural Information Processing Systems},
      editor = {F. Pereira and C.J. Burges and L. Bottou and K.Q. Weinberger},
      pages = {},
      publisher = {Curran Associates, Inc.},
      title = {ImageNet Classification with Deep Convolutional Neural Networks},
      url = {https://proceedings.neurips.cc/paper_files/paper/2012/file/c399862d3b9d6b76c8436e924a68c45b-Paper.pdf},
      volume = {25},
      year = {2012}
}

@article{lecundocument,
      author = {Lecun, Yann and Bottou, Leon and Bengio, Y. and Haffner, Patrick},
      year = {1998},
      month = {12},
      pages = {2278 - 2324},
      title = {Gradient-Based Learning Applied to Document Recognition},
      volume = {86},
      journal = {Proceedings of the IEEE},
      doi = {10.1109/5.726791}
}

@misc{zhu2024vision,
      title={Vision Mamba: Efficient Visual Representation Learning with Bidirectional State Space Model}, 
      author={Lianghui Zhu and Bencheng Liao and Qian Zhang and Xinlong Wang and Wenyu Liu and Xinggang Wang},
      year={2024},
      eprint={2401.09417},
      archivePrefix={arXiv},
      primaryClass={cs.CV}
}

@misc{naveed2024comprehensive,
      title={A Comprehensive Overview of Large Language Models}, 
      author={Humza Naveed and Asad Ullah Khan and Shi Qiu and Muhammad Saqib and Saeed Anwar and Muhammad Usman and Naveed Akhtar and Nick Barnes and Ajmal Mian},
      year={2024},
      eprint={2307.06435},
      archivePrefix={arXiv},
      primaryClass={cs.CL}
}

@misc{Jamil, 
      title={HKPROJ/Mamba-notes: Notes on the Mamba and the S4 model (mamba: Linear-time sequence modeling with selective state spaces)}, 
      url={https://github.com/hkproj/mamba-notes}, 
      journal={GitHub}, 
      author={Jamil, Umar}
} 

@misc{CIFAR-10, 
      title={CIFAR-10 Dataset}
      url={https://www.cs.toronto.edu/~kriz/cifar.html}, 
      journal={CIFAR-10 and CIFAR-100 datasets}
} 
